@article{intro1,
  title={Water segmentation with deep learning models for flood detection and monitoring},
  author={Zaffaroni, Mirko and Rossi, Claudio and others},
  journal={International Journal of Information Systems for Crisis Response and Management},
  pages={24--27},
  year={2020}
}

@article{intro2,
  title={Semantic segmentation of water bodies in very high-resolution satellite and aerial images},
  author={Wieland, Marc and Martinis, Sandro and Kiefl, Ralph and Gstaiger, Veronika},
  journal={Remote Sensing of Environment},
  volume={287},
  pages={113452},
  year={2023},
  publisher={Elsevier}
}


@article{per1,
  title={Fapnet: Feature fusion with adaptive patch for flood-water detection and monitoring},
  author={Islam, MD Samiul and Sun, Xinyao and Wang, Zheng and Cheng, Irene},
  journal={Sensors},
  volume={22},
  number={21},
  pages={8245},
  year={2022},
  publisher={MDPI}
}

@article{per2,
  title={Drone-based water level detection in flood disasters},
  author={Rizk, Hamada and Nishimur, Yukako and Yamaguchi, Hirozumi and Higashino, Teruo},
  journal={International journal of environmental research and public health},
  volume={19},
  number={1},
  pages={237},
  year={2021},
  publisher={MDPI}
}

@inproceedings{per3,
  title={Detection of flood events from satellite images using deep learning},
  author={Rambhad, Anushree and Singh, Dhirendra Pratap and Choudhary, Jaytrilok},
  booktitle={International Conference on Frontiers of Intelligent Computing: Theory and Applications},
  pages={259--268},
  year={2022},
  organization={Springer}
}

@article{per4,
  title={Flooded Areas Detection through SAR Images and U-NET Deep Learning Model},
  author={Pech-May, Fernando and Sanchez-Hern{\'a}ndez, Julio V{\'\i}ctor and L{\'o}pez-G{\'o}mez, Luis Antonio and Maga{\~n}a-Govea, Jorge and Mil-Chontal, Edna Mariel},
  journal={Computaci{\'o}n y Sistemas},
  volume={27},
  number={2},
  pages={449--458},
  year={2023},
  publisher={Instituto Polit{\'e}cnico Nacional, Centro de Investigaci{\'o}n en Computaci{\'o}n}
}

@techreport{per5,
  title={Mapping Floodwater from Radar Imagery},
  author={Ahmed, Tashin},
  year={2022},
  institution={EasyChair}
}
@article{per6,
  title={Residual wave vision U-Net for flood mapping using dual polarization Sentinel-1 SAR imagery},
  author={Jamali, Ali and Roy, Swalpa Kumar and Beni, Leila Hashemi and Pradhan, Biswajeet and Li, Jonathan and Ghamisi, Pedram},
  journal={International Journal of Applied Earth Observation and Geoinformation},
  volume={127},
  pages={103662},
  year={2024},
  publisher={Elsevier}
}

@article{intro3,
  title={Deep learning applied to water segmentation},
  author={Akiyama, TS and Marcato Junior, J and Gon{\c{c}}alves, WN and Bressan, PO and Eltner, A and Binder, F and Singer, T},
  journal={The International Archives of the Photogrammetry, Remote Sensing and Spatial Information Sciences},
  volume={43},
  pages={1189--1193},
  year={2020},
  publisher={Copernicus GmbH}
}

@article{intro4,
  title={High-performance segmentation for flood mapping of hisea-1 sar remote sensing images},
  author={Lv, Suna and Meng, Lingsheng and Edwing, Deanna and Xue, Sihan and Geng, Xupu and Yan, Xiao-Hai},
  journal={Remote Sensing},
  volume={14},
  number={21},
  pages={5504},
  year={2022},
  publisher={MDPI}
}

@inproceedings{rel1,
  title={Detecting floodwater on roadways from image data with handcrafted features and deep transfer learning},
  author={Sazara, Cem and Cetin, Mecit and Iftekharuddin, Khan M},
  booktitle={2019 IEEE intelligent transportation systems conference (ITSC)},
  pages={804--809},
  year={2019},
  organization={IEEE}
}

@article{rel2,
  title={Visual sensing for urban flood monitoring},
  author={Lo, Shi-Wei and Wu, Jyh-Horng and Lin, Fang-Pang and Hsu, Ching-Han},
  journal={Sensors},
  volume={15},
  number={8},
  pages={20006--20029},
  year={2015},
  publisher={MDPI}
}
@inproceedings{rel3,
  title={Daytime water detection based on color variation},
  author={Rankin, Arturo and Matthies, Larry},
  booktitle={2010 IEEE/RSJ International Conference on Intelligent Robots and Systems},
  pages={215--221},
  year={2010},
  organization={IEEE}
}

@inproceedings{rel4,
  title={Aerial image segmentation for flood risk analysis},
  author={Robertson, Neil M and Chan, Tak},
  booktitle={2009 16th IEEE International Conference on Image Processing (ICIP)},
  pages={597--600},
  year={2009},
  organization={IEEE}
}

@article{rel5,
  title={Flash flood detection in urban cities using ultrasonic and infrared sensors},
  author={Mousa, Mustafa and Zhang, Xiangliang and Claudel, Christian},
  journal={IEEE Sensors Journal},
  volume={16},
  number={19},
  pages={7204--7216},
  year={2016},
  publisher={IEEE}
}

@inproceedings{rel6,
  title={A probabilistic model for flood detection in video sequences},
  author={Borges, Paulo Vinicius Koerich and Mayer, Joceli and Izquierdo, Ebroul},
  booktitle={2008 15th IEEE International Conference on Image Processing},
  pages={13--16},
  year={2008},
  organization={IEEE}
}

@inproceedings{rel7,
  title={Detecting floodwater on roadways from image data using Mask-R-CNN},
  author={Sarp, Salih and Kuzlu, Murat and Cetin, Mecit and Sazara, Cem and Guler, Ozgur},
  booktitle={2020 International Conference on INnovations in Intelligent SysTems and Applications (INISTA)},
  pages={1--6},
  year={2020},
  organization={IEEE}
}

@inproceedings{rel8,
  title={Water detection with segmentation guided dynamic texture recognition},
  author={Santana, Pedro and Mendon{\c{c}}a, Ricardo and Barata, Jos{\'e}},
  booktitle={2012 IEEE international conference on robotics and biomimetics (ROBIO)},
  pages={1836--1841},
  year={2012},
  organization={IEEE}
}

@inproceedings{rel10,
  title={Detection and estimation of the extent of flood from crowd sourced images},
  author={Geetha, M and Manoj, Megha and Sarika, AS and Mohan, Muktha and Rao, Sethuraman N},
  booktitle={2017 international conference on communication and signal processing (ICCSP)},
  pages={0603--0608},
  year={2017},
  organization={IEEE}
}

@article{rel11,
  title={Segmentation and Visualization of Flooded Areas Through Sentinel-1 Images and U-Net},
  author={Pech-May, Fernando and Aquino-Santos, Ra{\'u}l and {\'A}lvarez-C{\'a}rdenas, Omar and Arandia, Jorge Lozoya and Rios-Toledo, German},
  journal={IEEE Journal of Selected Topics in Applied Earth Observations and Remote Sensing},
  year={2024},
  publisher={IEEE}
}
@inproceedings{rel12,
  title={Comparative study between real-time and non-real-time segmentation models on flooding events},
  author={Safavi, Farshad and Chowdhury, Tashnim and Rahnemoonfar, Maryam},
  booktitle={2021 IEEE International Conference on Big Data (Big Data)},
  pages={4199--4207},
  year={2021},
  organization={IEEE}
}
@inproceedings{resnet,
  title={Deep residual learning for image recognition},
  author={He, Kaiming and Zhang, Xiangyu and Ren, Shaoqing and Sun, Jian},
  booktitle={Proceedings of the IEEE conference on computer vision and pattern recognition},
  pages={770--778},
  year={2016}
}
@article{resnet1,
  title={ResNet 50},
  author={Koonce, Brett and Koonce, Brett},
  journal={Convolutional neural networks with swift for tensorflow: image recognition and dataset categorization},
  pages={63--72},
  year={2021},
  publisher={Springer}
}

@misc{data1,
  author       = {Md Faizal Karim},
  title        = {Flood Area Segmentation},
  year         = {2022},
  url          = {https://www.kaggle.com/datasets/faizalkarim/flood-area-segmentation},
  note         = {Accessed: 2024-05-31}
}

@misc{data2,
  author       = {Francisco Escobar},
  title        = {Satellite Images of Water Bodies},
  year         = {2022},
  url          = {https://www.kaggle.com/datasets/franciscoescobar/satellite-images-of-water-bodies},
  note         = {Accessed: 2024-05-31}
}

@article{res1,
  title={Enhanced Flood Detection through Precise Water Segmentation Using Advanced Deep Learning Models},
  author={Bahrami, Behrokh and Arbabkhah, Homayoun},
  journal={J. Civ. Eng. Res},
  volume={6},
  pages={1--8},
  year={2024}
}

@article{res2,
  title={Deep learning semantic segmentation for water level estimation using surveillance camera},
  author={Muhadi, Nur Atirah and Abdullah, Ahmad Fikri and Bejo, Siti Khairunniza and Mahadi, Muhammad Razif and Mijic, Ana},
  journal={Applied Sciences},
  volume={11},
  number={20},
  pages={9691},
  year={2021},
  publisher={MDPI}
}

@article{res3,
  title={Extracting flooded areas in Southeast Asia using SegNet and U-Net},
  author={Kim, Junwoo and Jeon, Hyungyun and Kim, Duk-jin},
  journal={Korean Journal of Remote Sensing},
  volume={36},
  number={5\_3},
  pages={1095--1107},
  year={2020},
  publisher={The Korean Society of Remote Sensing}
}

@inproceedings{res4,
  title={Automatic Detection of Waterbodies from Satellite Images Using DeepLabV3+},
  author={Kadry, Seifedine and Al-Betar, Mohammed Azmi and Yassine, Sahar and Mohan, Ramya and Arunmozhi, Rama and Rajinikanth, Venkatesan},
  booktitle={International Conference on Mining Intelligence and Knowledge Exploration},
  pages={78--86},
  year={2023},
  organization={Springer}
}